@article{lenz_temperature_1999,
  title = {Temperature and {{Emission-Measure Profiles}} along {{Long-lived Solar Coronal Loops Observed}} with the {{Transition Region}} and {{Coronal Explorer}}},
  author = {Lenz, Dawn D. and DeLuca, Edward E. and Golub, Leon and Rosner, Robert and Bookbinder, Jay A.},
  year = {1999},
  month = jun,
  journal = {ApJ},
  volume = {517},
  number = {2},
  pages = {L155},
  doi = {10.1086/312045},
  urldate = {2018-10-09},
  langid = {english}
}

@article{patsourakos_inability_2004,
  title = {The {{Inability}} of {{Steady-Flow Models}} to {{Explain}} the {{Extreme-Ultraviolet Coronal Loops}}},
  author = {Patsourakos, S. and Klimchuk, J. A. and MacNeice, P. J.},
  year = {2004},
  month = mar,
  journal = {ApJ},
  volume = {603},
  number = {1},
  pages = {322},
  publisher = {{IOP Publishing}},
  issn = {0004-637X},
  doi = {10.1086/381426},
  urldate = {2021-05-21},
  langid = {english}
}
